@Article{Lecun1998,
  author    = {Y. Lecun and L. Bottou and Y. Bengio and P. Haffner},
  journal   = {Proceedings of the {IEEE}},
  title     = {Gradient-based learning applied to document recognition},
  year      = {1998},
  number    = {11},
  pages     = {2278--2324},
  volume    = {86},
  doi       = {10.1109/5.726791},
  publisher = {Institute of Electrical and Electronics Engineers ({IEEE})},
}

@Misc{Leinster2010,
  author    = {Leinster, Tom},
  title     = {The magnitude of metric spaces},
  year      = {2010},
  copyright = {arXiv.org perpetual, non-exclusive license},
  doi       = {10.48550/ARXIV.1012.5857},
  keywords  = {Metric Geometry (math.MG), Category Theory (math.CT), General Topology (math.GN), Geometric Topology (math.GT), FOS: Mathematics},
  publisher = {arXiv},
}

@Misc{Bunch2021,
  author    = {Bunch, Eric and Kline, Jeffery and Dickinson, Daniel and Bhat, Suhaas and Fung, Glenn},
  title     = {Weighting vectors for machine learning: numerical harmonic analysis applied to boundary detection},
  year      = {2021},
  copyright = {arXiv.org perpetual, non-exclusive license},
  doi       = {10.48550/ARXIV.2106.00827},
  keywords  = {Machine Learning (cs.LG), Algebraic Topology (math.AT), Machine Learning (stat.ML), FOS: Computer and information sciences, FOS: Mathematics},
  publisher = {arXiv},
}

@Misc{Ambikasaran2014,
  author    = {Ambikasaran, Sivaram and Foreman-Mackey, Daniel and Greengard, Leslie and Hogg, David W. and O'Neil, Michael},
  title     = {Fast Direct Methods for Gaussian Processes},
  year      = {2014},
  copyright = {arXiv.org perpetual, non-exclusive license},
  doi       = {10.48550/ARXIV.1403.6015},
  keywords  = {Numerical Analysis (math.NA), Instrumentation and Methods for Astrophysics (astro-ph.IM), Statistics Theory (math.ST), FOS: Mathematics, FOS: Physical sciences},
  publisher = {arXiv},
}

@incollection{NEURIPS2019_9015,
title = {PyTorch: An Imperative Style, High-Performance Deep Learning Library},
author = {Paszke, Adam and Gross, Sam and Massa, Francisco and Lerer, Adam and Bradbury, James and Chanan, Gregory and Killeen, Trevor and Lin, Zeming and Gimelshein, Natalia and Antiga, Luca and Desmaison, Alban and Kopf, Andreas and Yang, Edward and DeVito, Zachary and Raison, Martin and Tejani, Alykhan and Chilamkurthy, Sasank and Steiner, Benoit and Fang, Lu and Bai, Junjie and Chintala, Soumith},
booktitle = {Advances in Neural Information Processing Systems 32},
pages = {8024--8035},
year = {2019},
publisher = {Curran Associates, Inc.},
url = {http://papers.neurips.cc/paper/9015-pytorch-an-imperative-style-high-performance-deep-learning-library.pdf}
}

@Misc{Hendrycks2016,
  author    = {Hendrycks, Dan and Gimpel, Kevin},
  title     = {Gaussian Error Linear Units (GELUs)},
  year      = {2016},
  copyright = {arXiv.org perpetual, non-exclusive license},
  doi       = {10.48550/ARXIV.1606.08415},
  keywords  = {Machine Learning (cs.LG), FOS: Computer and information sciences},
  publisher = {arXiv},
}

@Misc{Moor2019,
  author    = {Moor, Michael and Horn, Max and Rieck, Bastian and Borgwardt, Karsten},
  title     = {Topological Autoencoders},
  year      = {2019},
  copyright = {arXiv.org perpetual, non-exclusive license},
  doi       = {10.48550/ARXIV.1906.00722},
  keywords  = {Machine Learning (cs.LG), Algebraic Topology (math.AT), Machine Learning (stat.ML), FOS: Computer and information sciences, FOS: Mathematics},
  publisher = {arXiv},
}

@misc{scikittda2019,
    author       = {Nathaniel Saul and Chris Tralie},
    title        = {Scikit-TDA: Topological Data Analysis for Python},
    year         = 2019,
    doi          = {10.5281/zenodo.2533369},
    url          = {https://doi.org/10.5281/zenodo.2533369}
}

@article{t-SNE,
author = {van der Maaten, Laurens and Hinton, Geoffrey},
year = {2008},
month = {11},
pages = {2579-2605},
title = {Viualizing data using t-SNE},
volume = {9},
journal = {Journal of Machine Learning Research}
}

@Misc{Kingma2014,
  author    = {Kingma, Diederik P. and Ba, Jimmy},
  title     = {Adam: A Method for Stochastic Optimization},
  year      = {2014},
  copyright = {arXiv.org perpetual, non-exclusive license},
  doi       = {10.48550/ARXIV.1412.6980},
  keywords  = {Machine Learning (cs.LG), FOS: Computer and information sciences, FOS: Computer and information sciences},
  publisher = {arXiv},
}

@Comment{jabref-meta: databaseType:bibtex;}
